%YAML 1.1
%TAG !u! tag:unity3d.com,2011:
--- !u!1001 &100100000
Prefab:
  m_ObjectHideFlags: 1
  serializedVersion: 2
  m_Modification:
    m_TransformParent: {fileID: 0}
    m_Modifications: []
    m_RemovedComponents: []
  m_SourcePrefab: {fileID: 0}
  m_RootGameObject: {fileID: 1678655864806208}
  m_IsPrefabAsset: 1
--- !u!1 &1678655864806208
GameObject:
  m_ObjectHideFlags: 0
  m_CorrespondingSourceObject: {fileID: 0}
  m_PrefabInternal: {fileID: 100100000}
  serializedVersion: 6
  m_Component:
  - component: {fileID: 4719389404550720}
  - component: {fileID: 33216775290321734}
  - component: {fileID: 23968332851490304}
  - component: {fileID: 64059647232049310}
  - component: {fileID: 114101170831094006}
  m_Layer: 8
  m_Name: PolygonSegment
  m_TagString: Untagged
  m_Icon: {fileID: 0}
  m_NavMeshLayer: 0
  m_StaticEditorFlags: 0
  m_IsActive: 1
--- !u!4 &4719389404550720
Transform:
  m_ObjectHideFlags: 1
  m_CorrespondingSourceObject: {fileID: 0}
  m_PrefabInternal: {fileID: 100100000}
  m_GameObject: {fileID: 1678655864806208}
  m_LocalRotation: {x: 0, y: 0, z: 0, w: 1}
  m_LocalPosition: {x: 0, y: 0, z: 0}
  m_LocalScale: {x: 1, y: 1, z: 1}
  m_Children: []
  m_Father: {fileID: 0}
  m_RootOrder: 0
  m_LocalEulerAnglesHint: {x: 0, y: 0, z: 0}
--- !u!23 &23968332851490304
MeshRenderer:
  m_ObjectHideFlags: 1
  m_CorrespondingSourceObject: {fileID: 0}
  m_PrefabInternal: {fileID: 100100000}
  m_GameObject: {fileID: 1678655864806208}
  m_Enabled: 1
  m_CastShadows: 1
  m_ReceiveShadows: 1
  m_DynamicOccludee: 1
  m_MotionVectors: 1
  m_LightProbeUsage: 1
  m_ReflectionProbeUsage: 1
  m_RenderingLayerMask: 4294967295
  m_Materials:
  - {fileID: 2100000, guid: 7bc83f1371155714daeefe10856021f8, type: 2}
  m_StaticBatchInfo:
    firstSubMesh: 0
    subMeshCount: 0
  m_StaticBatchRoot: {fileID: 0}
  m_ProbeAnchor: {fileID: 0}
  m_LightProbeVolumeOverride: {fileID: 0}
  m_ScaleInLightmap: 1
  m_PreserveUVs: 0
  m_IgnoreNormalsForChartDetection: 0
  m_ImportantGI: 0
  m_StitchLightmapSeams: 0
  m_SelectedEditorRenderState: 3
  m_MinimumChartSize: 4
  m_AutoUVMaxDistance: 0.5
  m_AutoUVMaxAngle: 89
  m_LightmapParameters: {fileID: 0}
  m_SortingLayerID: 0
  m_SortingLayer: 0
  m_SortingOrder: 0
--- !u!33 &33216775290321734
MeshFilter:
  m_ObjectHideFlags: 1
  m_CorrespondingSourceObject: {fileID: 0}
  m_PrefabInternal: {fileID: 100100000}
  m_GameObject: {fileID: 1678655864806208}
  m_Mesh: {fileID: 0}
--- !u!64 &64059647232049310
MeshCollider:
  m_ObjectHideFlags: 1
  m_CorrespondingSourceObject: {fileID: 0}
  m_PrefabInternal: {fileID: 100100000}
  m_GameObject: {fileID: 1678655864806208}
  m_Material: {fileID: 0}
  m_IsTrigger: 0
  m_Enabled: 1
  serializedVersion: 3
  m_Convex: 0
  m_CookingOptions: 14
  m_SkinWidth: 0.01
  m_Mesh: {fileID: 0}
--- !u!114 &114101170831094006
MonoBehaviour:
  m_ObjectHideFlags: 1
  m_CorrespondingSourceObject: {fileID: 0}
  m_PrefabInternal: {fileID: 100100000}
  m_GameObject: {fileID: 1678655864806208}
  m_Enabled: 1
  m_EditorHideFlags: 0
  m_Script: {fileID: 11500000, guid: cbe185334a5d5044aba8d3b12c081934, type: 3}
  m_Name: 
  m_EditorClassIdentifier: 
  meshFilter: {fileID: 33216775290321734}
  moveUiElement: {fileID: 1316787158372508, guid: c9a493de39cf6524f9603890b7e31da2,
    type: 2}
  edgeUiElement: {fileID: 1316787158372508, guid: c9a493de39cf6524f9603890b7e31da2,
    type: 2}
  controlPoint: {fileID: 1690385861014386, guid: 434047adf4af2da41acfaa8c276fb83e,
    type: 2}
  controlPointUi: {fileID: 1195444219893074, guid: dd3f25db7c2b0ed42bf67c3f8c017904,
    type: 2}
  area: 0
  perimeter: 0
  offsetFromBase: 0.01
  flip: 0
  capped: 0
  moveable: 0
  editEdges: 1
  isClockWise: 1
  isBuildingVertex: 1
  moveColinear: 0
  closed: 0
  isCopy: 0
  typeColor: {r: 0, g: 0, b: 0, a: 0}
  mesh: {fileID: 0}
  vertices: []
  extrusion: {fileID: 0}
  movePoint: {fileID: 0}
  showDistances: 0
  distanceOffset: 1
  distances: []
  useCanvas: 1
  distancesMaterial: {fileID: 0}
  distancesParent: {fileID: 0}
  distanceUIParent: {fileID: 0}
  distancesUI: []
  lineWidth: 0.2
